%YAML 1.1
%TAG !u! tag:unity3d.com,2011:
--- !u!29 &1
OcclusionCullingSettings:
  m_ObjectHideFlags: 0
  serializedVersion: 2
  m_OcclusionBakeSettings:
    smallestOccluder: 5
    smallestHole: 0.25
    backfaceThreshold: 100
  m_SceneGUID: 00000000000000000000000000000000
  m_OcclusionCullingData: {fileID: 0}
--- !u!104 &2
RenderSettings:
  m_ObjectHideFlags: 0
  serializedVersion: 9
  m_Fog: 0
  m_FogColor: {r: 0.5, g: 0.5, b: 0.5, a: 1}
  m_FogMode: 3
  m_FogDensity: 0.01
  m_LinearFogStart: 0
  m_LinearFogEnd: 300
  m_AmbientSkyColor: {r: 0.212, g: 0.227, b: 0.259, a: 1}
  m_AmbientEquatorColor: {r: 0.114, g: 0.125, b: 0.133, a: 1}
  m_AmbientGroundColor: {r: 0.047, g: 0.043, b: 0.035, a: 1}
  m_AmbientIntensity: 1
  m_AmbientMode: 3
  m_SubtractiveShadowColor: {r: 0.42, g: 0.478, b: 0.627, a: 1}
  m_SkyboxMaterial: {fileID: 0}
  m_HaloStrength: 0.5
  m_FlareStrength: 1
  m_FlareFadeSpeed: 3
  m_HaloTexture: {fileID: 0}
  m_SpotCookie: {fileID: 10001, guid: 0000000000000000e000000000000000, type: 0}
  m_DefaultReflectionMode: 0
  m_DefaultReflectionResolution: 128
  m_ReflectionBounces: 1
  m_ReflectionIntensity: 1
  m_CustomReflection: {fileID: 0}
  m_Sun: {fileID: 0}
  m_IndirectSpecularColor: {r: 0, g: 0, b: 0, a: 1}
  m_UseRadianceAmbientProbe: 0
--- !u!157 &3
LightmapSettings:
  m_ObjectHideFlags: 0
  serializedVersion: 11
  m_GIWorkflowMode: 1
  m_GISettings:
    serializedVersion: 2
    m_BounceScale: 1
    m_IndirectOutputScale: 1
    m_AlbedoBoost: 1
    m_EnvironmentLightingMode: 0
    m_EnableBakedLightmaps: 0
    m_EnableRealtimeLightmaps: 0
  m_LightmapEditorSettings:
    serializedVersion: 12
    m_Resolution: 2
    m_BakeResolution: 40
    m_AtlasSize: 1024
    m_AO: 0
    m_AOMaxDistance: 1
    m_CompAOExponent: 1
    m_CompAOExponentDirect: 0
    m_ExtractAmbientOcclusion: 0
    m_Padding: 2
    m_LightmapParameters: {fileID: 0}
    m_LightmapsBakeMode: 1
    m_TextureCompression: 1
    m_FinalGather: 0
    m_FinalGatherFiltering: 1
    m_FinalGatherRayCount: 256
    m_ReflectionCompression: 2
    m_MixedBakeMode: 2
    m_BakeBackend: 0
    m_PVRSampling: 1
    m_PVRDirectSampleCount: 32
    m_PVRSampleCount: 500
    m_PVRBounces: 2
    m_PVREnvironmentSampleCount: 500
    m_PVREnvironmentReferencePointCount: 2048
    m_PVRFilteringMode: 2
    m_PVRDenoiserTypeDirect: 0
    m_PVRDenoiserTypeIndirect: 0
    m_PVRDenoiserTypeAO: 0
    m_PVRFilterTypeDirect: 0
    m_PVRFilterTypeIndirect: 0
    m_PVRFilterTypeAO: 0
    m_PVREnvironmentMIS: 0
    m_PVRCulling: 1
    m_PVRFilteringGaussRadiusDirect: 1
    m_PVRFilteringGaussRadiusIndirect: 5
    m_PVRFilteringGaussRadiusAO: 2
    m_PVRFilteringAtrousPositionSigmaDirect: 0.5
    m_PVRFilteringAtrousPositionSigmaIndirect: 2
    m_PVRFilteringAtrousPositionSigmaAO: 1
    m_ExportTrainingData: 0
    m_TrainingDataDestination: TrainingData
  m_LightingDataAsset: {fileID: 0}
  m_UseShadowmask: 1
--- !u!196 &4
NavMeshSettings:
  serializedVersion: 2
  m_ObjectHideFlags: 0
  m_BuildSettings:
    serializedVersion: 2
    agentTypeID: 0
    agentRadius: 0.5
    agentHeight: 2
    agentSlope: 45
    agentClimb: 0.4
    ledgeDropHeight: 0
    maxJumpAcrossDistance: 0
    minRegionArea: 2
    manualCellSize: 0
    cellSize: 0.16666667
    manualTileSize: 0
    tileSize: 256
    accuratePlacement: 0
    debug:
      m_Flags: 0
  m_NavMeshData: {fileID: 0}
--- !u!1001 &7133109
PrefabInstance:
  m_ObjectHideFlags: 0
  serializedVersion: 2
  m_Modification:
    m_TransformParent: {fileID: 0}
    m_Modifications:
    - target: {fileID: 672482370885576218, guid: 72a498fb5833d5b4db3b345f7ec7e960,
        type: 3}
      propertyPath: m_Name
      value: Person (2)
      objectReference: {fileID: 0}
    - target: {fileID: 672482370885576218, guid: 72a498fb5833d5b4db3b345f7ec7e960,
        type: 3}
      propertyPath: m_IsActive
      value: 1
      objectReference: {fileID: 0}
    - target: {fileID: 672482370885576196, guid: 72a498fb5833d5b4db3b345f7ec7e960,
        type: 3}
      propertyPath: m_LocalPosition.x
      value: 6.41
      objectReference: {fileID: 0}
    - target: {fileID: 672482370885576196, guid: 72a498fb5833d5b4db3b345f7ec7e960,
        type: 3}
      propertyPath: m_LocalPosition.y
      value: -1.14
      objectReference: {fileID: 0}
    - target: {fileID: 672482370885576196, guid: 72a498fb5833d5b4db3b345f7ec7e960,
        type: 3}
      propertyPath: m_LocalPosition.z
      value: -1
      objectReference: {fileID: 0}
    - target: {fileID: 672482370885576196, guid: 72a498fb5833d5b4db3b345f7ec7e960,
        type: 3}
      propertyPath: m_LocalRotation.x
      value: 0
      objectReference: {fileID: 0}
    - target: {fileID: 672482370885576196, guid: 72a498fb5833d5b4db3b345f7ec7e960,
        type: 3}
      propertyPath: m_LocalRotation.y
      value: 0
      objectReference: {fileID: 0}
    - target: {fileID: 672482370885576196, guid: 72a498fb5833d5b4db3b345f7ec7e960,
        type: 3}
      propertyPath: m_LocalRotation.z
      value: 0
      objectReference: {fileID: 0}
    - target: {fileID: 672482370885576196, guid: 72a498fb5833d5b4db3b345f7ec7e960,
        type: 3}
      propertyPath: m_LocalRotation.w
      value: 1
      objectReference: {fileID: 0}
    - target: {fileID: 672482370885576196, guid: 72a498fb5833d5b4db3b345f7ec7e960,
        type: 3}
      propertyPath: m_RootOrder
      value: 10
      objectReference: {fileID: 0}
    - target: {fileID: 672482370885576196, guid: 72a498fb5833d5b4db3b345f7ec7e960,
        type: 3}
      propertyPath: m_LocalEulerAnglesHint.x
      value: 0
      objectReference: {fileID: 0}
    - target: {fileID: 672482370885576196, guid: 72a498fb5833d5b4db3b345f7ec7e960,
        type: 3}
      propertyPath: m_LocalEulerAnglesHint.y
      value: 0
      objectReference: {fileID: 0}
    - target: {fileID: 672482370885576196, guid: 72a498fb5833d5b4db3b345f7ec7e960,
        type: 3}
      propertyPath: m_LocalEulerAnglesHint.z
      value: 0
      objectReference: {fileID: 0}
    - target: {fileID: 672482370885576197, guid: 72a498fb5833d5b4db3b345f7ec7e960,
        type: 3}
      propertyPath: m_SortingOrder
      value: 1
      objectReference: {fileID: 0}
    m_RemovedComponents: []
  m_SourcePrefab: {fileID: 100100000, guid: 72a498fb5833d5b4db3b345f7ec7e960, type: 3}
--- !u!1 &81973878
GameObject:
  m_ObjectHideFlags: 0
  m_CorrespondingSourceObject: {fileID: 0}
  m_PrefabInstance: {fileID: 0}
  m_PrefabAsset: {fileID: 0}
  serializedVersion: 6
  m_Component:
  - component: {fileID: 81973880}
  - component: {fileID: 81973879}
  m_Layer: 0
  m_Name: Level
  m_TagString: Untagged
  m_Icon: {fileID: 0}
  m_NavMeshLayer: 0
  m_StaticEditorFlags: 0
  m_IsActive: 1
--- !u!114 &81973879
MonoBehaviour:
  m_ObjectHideFlags: 0
  m_CorrespondingSourceObject: {fileID: 0}
  m_PrefabInstance: {fileID: 0}
  m_PrefabAsset: {fileID: 0}
  m_GameObject: {fileID: 81973878}
  m_Enabled: 1
  m_EditorHideFlags: 0
  m_Script: {fileID: 11500000, guid: 12ea6aeb86b64b24e9485388cd952a77, type: 3}
  m_Name: 
  m_EditorClassIdentifier: 
  data: {fileID: 11400000, guid: f9d68abb8f4941f4e85a3df9d0a2376c, type: 2}
  spawner: {fileID: 765285973}
  game: {fileID: 1957752184}
  winLevelMenu: {fileID: 194532605}
  loseLevelMenu: {fileID: 0}
--- !u!4 &81973880
Transform:
  m_ObjectHideFlags: 0
  m_CorrespondingSourceObject: {fileID: 0}
  m_PrefabInstance: {fileID: 0}
  m_PrefabAsset: {fileID: 0}
  m_GameObject: {fileID: 81973878}
  m_LocalRotation: {x: 0, y: 0, z: 0, w: 1}
  m_LocalPosition: {x: 308.1859, y: 256.62637, z: -43}
  m_LocalScale: {x: 1, y: 1, z: 1}
  m_Children: []
  m_Father: {fileID: 0}
  m_RootOrder: 16
  m_LocalEulerAnglesHint: {x: 0, y: 0, z: 0}
--- !u!1 &127079381 stripped
GameObject:
  m_CorrespondingSourceObject: {fileID: -1166416024024837539, guid: 81f9cc97a9a081e43943a8e43f98340f,
    type: 3}
  m_PrefabInstance: {fileID: 646822519}
  m_PrefabAsset: {fileID: 0}
--- !u!95 &127079383
Animator:
  serializedVersion: 3
  m_ObjectHideFlags: 0
  m_CorrespondingSourceObject: {fileID: 0}
  m_PrefabInstance: {fileID: 0}
  m_PrefabAsset: {fileID: 0}
  m_GameObject: {fileID: 127079381}
  m_Enabled: 1
  m_Avatar: {fileID: 0}
  m_Controller: {fileID: 9100000, guid: ec7093d68202eb041b423dd050e3204b, type: 2}
  m_CullingMode: 0
  m_UpdateMode: 0
  m_ApplyRootMotion: 0
  m_LinearVelocityBlending: 0
  m_WarningMessage: 
  m_HasTransformHierarchy: 1
  m_AllowConstantClipSamplingOptimization: 1
  m_KeepAnimatorControllerStateOnDisable: 0
--- !u!1 &194532605 stripped
GameObject:
  m_CorrespondingSourceObject: {fileID: 5601396633960134292, guid: 9c27ce4fc25d0e84b8c3ad6f7d26784a,
    type: 3}
  m_PrefabInstance: {fileID: 5601396634121101929}
  m_PrefabAsset: {fileID: 0}
--- !u!1 &355095024
GameObject:
  m_ObjectHideFlags: 0
  m_CorrespondingSourceObject: {fileID: 0}
  m_PrefabInstance: {fileID: 0}
  m_PrefabAsset: {fileID: 0}
  serializedVersion: 6
  m_Component:
  - component: {fileID: 355095026}
  - component: {fileID: 355095025}
  m_Layer: 0
  m_Name: Background
  m_TagString: Untagged
  m_Icon: {fileID: 0}
  m_NavMeshLayer: 0
  m_StaticEditorFlags: 0
  m_IsActive: 1
--- !u!212 &355095025
SpriteRenderer:
  m_ObjectHideFlags: 0
  m_CorrespondingSourceObject: {fileID: 0}
  m_PrefabInstance: {fileID: 0}
  m_PrefabAsset: {fileID: 0}
  m_GameObject: {fileID: 355095024}
  m_Enabled: 1
  m_CastShadows: 0
  m_ReceiveShadows: 0
  m_DynamicOccludee: 1
  m_MotionVectors: 1
  m_LightProbeUsage: 1
  m_ReflectionProbeUsage: 1
  m_RenderingLayerMask: 1
  m_RendererPriority: 0
  m_Materials:
  - {fileID: 10754, guid: 0000000000000000f000000000000000, type: 0}
  m_StaticBatchInfo:
    firstSubMesh: 0
    subMeshCount: 0
  m_StaticBatchRoot: {fileID: 0}
  m_ProbeAnchor: {fileID: 0}
  m_LightProbeVolumeOverride: {fileID: 0}
  m_ScaleInLightmap: 1
  m_ReceiveGI: 1
  m_PreserveUVs: 0
  m_IgnoreNormalsForChartDetection: 0
  m_ImportantGI: 0
  m_StitchLightmapSeams: 1
  m_SelectedEditorRenderState: 0
  m_MinimumChartSize: 4
  m_AutoUVMaxDistance: 0.5
  m_AutoUVMaxAngle: 89
  m_LightmapParameters: {fileID: 0}
  m_SortingLayerID: 0
  m_SortingLayer: 0
  m_SortingOrder: -1
  m_Sprite: {fileID: 21300000, guid: 0e04dd40b24f3964ea22f368884d05a7, type: 3}
  m_Color: {r: 1, g: 1, b: 1, a: 1}
  m_FlipX: 0
  m_FlipY: 0
  m_DrawMode: 0
  m_Size: {x: 33.21, y: 11.221348}
  m_AdaptiveModeThreshold: 0.5
  m_SpriteTileMode: 0
  m_WasSpriteAssigned: 1
  m_MaskInteraction: 0
  m_SpriteSortPoint: 0
--- !u!4 &355095026
Transform:
  m_ObjectHideFlags: 0
  m_CorrespondingSourceObject: {fileID: 0}
  m_PrefabInstance: {fileID: 0}
  m_PrefabAsset: {fileID: 0}
  m_GameObject: {fileID: 355095024}
  m_LocalRotation: {x: 0, y: 0, z: 0, w: 1}
  m_LocalPosition: {x: 0, y: 0.3, z: 0}
  m_LocalScale: {x: 0.975, y: 0.9, z: 1}
  m_Children: []
  m_Father: {fileID: 0}
  m_RootOrder: 1
  m_LocalEulerAnglesHint: {x: 0, y: 0, z: 0}
--- !u!1 &519420028
GameObject:
  m_ObjectHideFlags: 0
  m_CorrespondingSourceObject: {fileID: 0}
  m_PrefabInstance: {fileID: 0}
  m_PrefabAsset: {fileID: 0}
  serializedVersion: 6
  m_Component:
  - component: {fileID: 519420032}
  - component: {fileID: 519420031}
  - component: {fileID: 519420029}
  m_Layer: 0
  m_Name: Main Camera
  m_TagString: MainCamera
  m_Icon: {fileID: 0}
  m_NavMeshLayer: 0
  m_StaticEditorFlags: 0
  m_IsActive: 1
--- !u!81 &519420029
AudioListener:
  m_ObjectHideFlags: 0
  m_CorrespondingSourceObject: {fileID: 0}
  m_PrefabInstance: {fileID: 0}
  m_PrefabAsset: {fileID: 0}
  m_GameObject: {fileID: 519420028}
  m_Enabled: 1
--- !u!20 &519420031
Camera:
  m_ObjectHideFlags: 0
  m_CorrespondingSourceObject: {fileID: 0}
  m_PrefabInstance: {fileID: 0}
  m_PrefabAsset: {fileID: 0}
  m_GameObject: {fileID: 519420028}
  m_Enabled: 1
  serializedVersion: 2
  m_ClearFlags: 2
  m_BackGroundColor: {r: 0.19215687, g: 0.3019608, b: 0.4745098, a: 0}
  m_projectionMatrixMode: 1
  m_GateFitMode: 2
  m_FOVAxisMode: 0
  m_SensorSize: {x: 36, y: 24}
  m_LensShift: {x: 0, y: 0}
  m_FocalLength: 50
  m_NormalizedViewPortRect:
    serializedVersion: 2
    x: 0
    y: 0
    width: 1
    height: 1
  near clip plane: 0.3
  far clip plane: 1000
  field of view: 60
  orthographic: 1
  orthographic size: 5
  m_Depth: -1
  m_CullingMask:
    serializedVersion: 2
    m_Bits: 4294967295
  m_RenderingPath: -1
  m_TargetTexture: {fileID: 0}
  m_TargetDisplay: 0
  m_TargetEye: 0
  m_HDR: 1
  m_AllowMSAA: 0
  m_AllowDynamicResolution: 0
  m_ForceIntoRT: 0
  m_OcclusionCulling: 0
  m_StereoConvergence: 10
  m_StereoSeparation: 0.022
--- !u!4 &519420032
Transform:
  m_ObjectHideFlags: 0
  m_CorrespondingSourceObject: {fileID: 0}
  m_PrefabInstance: {fileID: 0}
  m_PrefabAsset: {fileID: 0}
  m_GameObject: {fileID: 519420028}
  m_LocalRotation: {x: -0, y: -0, z: -0, w: 1}
  m_LocalPosition: {x: 0, y: 0, z: -50}
  m_LocalScale: {x: 1, y: 1, z: 1}
  m_Children: []
  m_Father: {fileID: 0}
  m_RootOrder: 0
  m_LocalEulerAnglesHint: {x: 0, y: 0, z: 0}
--- !u!1001 &646822519
PrefabInstance:
  m_ObjectHideFlags: 0
  serializedVersion: 2
  m_Modification:
    m_TransformParent: {fileID: 0}
    m_Modifications:
    - target: {fileID: -1166416024024837539, guid: 81f9cc97a9a081e43943a8e43f98340f,
        type: 3}
      propertyPath: m_Name
      value: personajeCovid19
      objectReference: {fileID: 0}
    - target: {fileID: -1166416024024837539, guid: 81f9cc97a9a081e43943a8e43f98340f,
        type: 3}
      propertyPath: m_IsActive
      value: 0
      objectReference: {fileID: 0}
    - target: {fileID: -5407448183986221422, guid: 81f9cc97a9a081e43943a8e43f98340f,
        type: 3}
      propertyPath: m_LocalPosition.x
      value: 0.8715972
      objectReference: {fileID: 0}
    - target: {fileID: -5407448183986221422, guid: 81f9cc97a9a081e43943a8e43f98340f,
        type: 3}
      propertyPath: m_LocalPosition.y
      value: -0.000000038580776
      objectReference: {fileID: 0}
    - target: {fileID: -2343153221395671726, guid: 81f9cc97a9a081e43943a8e43f98340f,
        type: 3}
      propertyPath: m_LocalRotation.x
      value: 0
      objectReference: {fileID: 0}
    - target: {fileID: -2343153221395671726, guid: 81f9cc97a9a081e43943a8e43f98340f,
        type: 3}
      propertyPath: m_LocalRotation.y
      value: 0
      objectReference: {fileID: 0}
    - target: {fileID: -2343153221395671726, guid: 81f9cc97a9a081e43943a8e43f98340f,
        type: 3}
      propertyPath: m_LocalRotation.z
      value: 0.057113264
      objectReference: {fileID: 0}
    - target: {fileID: -2343153221395671726, guid: 81f9cc97a9a081e43943a8e43f98340f,
        type: 3}
      propertyPath: m_LocalRotation.w
      value: 0.9983677
      objectReference: {fileID: 0}
    - target: {fileID: -2343153221395671726, guid: 81f9cc97a9a081e43943a8e43f98340f,
        type: 3}
      propertyPath: m_LocalEulerAnglesHint.z
      value: 0
      objectReference: {fileID: 0}
    - target: {fileID: -2343153221395671726, guid: 81f9cc97a9a081e43943a8e43f98340f,
        type: 3}
      propertyPath: m_LocalPosition.x
      value: 0.8669474
      objectReference: {fileID: 0}
    - target: {fileID: -2343153221395671726, guid: 81f9cc97a9a081e43943a8e43f98340f,
        type: 3}
      propertyPath: m_LocalPosition.y
      value: -0.00000008095553
      objectReference: {fileID: 0}
    - target: {fileID: 294394327273501098, guid: 81f9cc97a9a081e43943a8e43f98340f,
        type: 3}
      propertyPath: m_LocalRotation.x
      value: 0
      objectReference: {fileID: 0}
    - target: {fileID: 294394327273501098, guid: 81f9cc97a9a081e43943a8e43f98340f,
        type: 3}
      propertyPath: m_LocalRotation.y
      value: 0
      objectReference: {fileID: 0}
    - target: {fileID: 294394327273501098, guid: 81f9cc97a9a081e43943a8e43f98340f,
        type: 3}
      propertyPath: m_LocalRotation.z
      value: -0.00650497
      objectReference: {fileID: 0}
    - target: {fileID: 294394327273501098, guid: 81f9cc97a9a081e43943a8e43f98340f,
        type: 3}
      propertyPath: m_LocalRotation.w
      value: 0.99997884
      objectReference: {fileID: 0}
    - target: {fileID: 294394327273501098, guid: 81f9cc97a9a081e43943a8e43f98340f,
        type: 3}
      propertyPath: m_LocalEulerAnglesHint.z
      value: 0
      objectReference: {fileID: 0}
    - target: {fileID: 1925513447887030096, guid: 81f9cc97a9a081e43943a8e43f98340f,
        type: 3}
      propertyPath: m_LocalPosition.x
      value: 0.16091394
      objectReference: {fileID: 0}
    - target: {fileID: 1925513447887030096, guid: 81f9cc97a9a081e43943a8e43f98340f,
        type: 3}
      propertyPath: m_LocalPosition.y
      value: -4.7027535
      objectReference: {fileID: 0}
    - target: {fileID: 1925513447887030096, guid: 81f9cc97a9a081e43943a8e43f98340f,
        type: 3}
      propertyPath: m_LocalPosition.z
      value: 0
      objectReference: {fileID: 0}
    - target: {fileID: 1925513447887030096, guid: 81f9cc97a9a081e43943a8e43f98340f,
        type: 3}
      propertyPath: m_LocalRotation.x
      value: 0
      objectReference: {fileID: 0}
    - target: {fileID: 1925513447887030096, guid: 81f9cc97a9a081e43943a8e43f98340f,
        type: 3}
      propertyPath: m_LocalRotation.y
      value: 0
      objectReference: {fileID: 0}
    - target: {fileID: 1925513447887030096, guid: 81f9cc97a9a081e43943a8e43f98340f,
        type: 3}
      propertyPath: m_LocalRotation.z
      value: 0
      objectReference: {fileID: 0}
    - target: {fileID: 1925513447887030096, guid: 81f9cc97a9a081e43943a8e43f98340f,
        type: 3}
      propertyPath: m_LocalRotation.w
      value: 1
      objectReference: {fileID: 0}
    - target: {fileID: 1925513447887030096, guid: 81f9cc97a9a081e43943a8e43f98340f,
        type: 3}
      propertyPath: m_RootOrder
      value: 12
      objectReference: {fileID: 0}
    - target: {fileID: 1925513447887030096, guid: 81f9cc97a9a081e43943a8e43f98340f,
        type: 3}
      propertyPath: m_LocalEulerAnglesHint.x
      value: 0
      objectReference: {fileID: 0}
    - target: {fileID: 1925513447887030096, guid: 81f9cc97a9a081e43943a8e43f98340f,
        type: 3}
      propertyPath: m_LocalEulerAnglesHint.y
      value: 0
      objectReference: {fileID: 0}
    - target: {fileID: 1925513447887030096, guid: 81f9cc97a9a081e43943a8e43f98340f,
        type: 3}
      propertyPath: m_LocalEulerAnglesHint.z
      value: 0
      objectReference: {fileID: 0}
    - target: {fileID: 7979951434874840340, guid: 81f9cc97a9a081e43943a8e43f98340f,
        type: 3}
      propertyPath: m_LocalRotation.x
      value: 0
      objectReference: {fileID: 0}
    - target: {fileID: 7979951434874840340, guid: 81f9cc97a9a081e43943a8e43f98340f,
        type: 3}
      propertyPath: m_LocalRotation.y
      value: 0
      objectReference: {fileID: 0}
    - target: {fileID: 7979951434874840340, guid: 81f9cc97a9a081e43943a8e43f98340f,
        type: 3}
      propertyPath: m_LocalRotation.z
      value: 0.9902013
      objectReference: {fileID: 0}
    - target: {fileID: 7979951434874840340, guid: 81f9cc97a9a081e43943a8e43f98340f,
        type: 3}
      propertyPath: m_LocalRotation.w
      value: 0.1396479
      objectReference: {fileID: 0}
    - target: {fileID: 7979951434874840340, guid: 81f9cc97a9a081e43943a8e43f98340f,
        type: 3}
      propertyPath: m_LocalEulerAnglesHint.z
      value: 0
      objectReference: {fileID: 0}
    m_RemovedComponents: []
  m_SourcePrefab: {fileID: 7434436969485763486, guid: 81f9cc97a9a081e43943a8e43f98340f,
    type: 3}
--- !u!1 &687834870
GameObject:
  m_ObjectHideFlags: 0
  m_CorrespondingSourceObject: {fileID: 0}
  m_PrefabInstance: {fileID: 0}
  m_PrefabAsset: {fileID: 0}
  serializedVersion: 6
  m_Component:
  - component: {fileID: 687834872}
  - component: {fileID: 687834871}
  - component: {fileID: 687834873}
  m_Layer: 0
  m_Name: Player
  m_TagString: Untagged
  m_Icon: {fileID: 0}
  m_NavMeshLayer: 0
  m_StaticEditorFlags: 0
  m_IsActive: 1
--- !u!114 &687834871
MonoBehaviour:
  m_ObjectHideFlags: 0
  m_CorrespondingSourceObject: {fileID: 0}
  m_PrefabInstance: {fileID: 0}
  m_PrefabAsset: {fileID: 0}
  m_GameObject: {fileID: 687834870}
  m_Enabled: 1
  m_EditorHideFlags: 0
  m_Script: {fileID: 11500000, guid: 583b58e3c6fbe2841829380d6bd53bd1, type: 3}
  m_Name: 
  m_EditorClassIdentifier: 
  layers:
    serializedVersion: 2
    m_Bits: 768
  damage: 0.069
--- !u!4 &687834872
Transform:
  m_ObjectHideFlags: 0
  m_CorrespondingSourceObject: {fileID: 0}
  m_PrefabInstance: {fileID: 0}
  m_PrefabAsset: {fileID: 0}
  m_GameObject: {fileID: 687834870}
  m_LocalRotation: {x: 0, y: 0, z: 0, w: 1}
  m_LocalPosition: {x: 0.051910006, y: 0.044020005, z: 0}
  m_LocalScale: {x: 1, y: 1, z: 1}
  m_Children: []
  m_Father: {fileID: 0}
  m_RootOrder: 5
  m_LocalEulerAnglesHint: {x: 0, y: 0, z: 0}
--- !u!82 &687834873
AudioSource:
  m_ObjectHideFlags: 0
  m_CorrespondingSourceObject: {fileID: 0}
  m_PrefabInstance: {fileID: 0}
  m_PrefabAsset: {fileID: 0}
  m_GameObject: {fileID: 687834870}
  m_Enabled: 1
  serializedVersion: 4
  OutputAudioMixerGroup: {fileID: 0}
  m_audioClip: {fileID: 8300000, guid: 54ae95574dc7eb549a36419baf0785cb, type: 3}
  m_PlayOnAwake: 0
  m_Volume: 1
  m_Pitch: 1
  Loop: 0
  Mute: 0
  Spatialize: 0
  SpatializePostEffects: 0
  Priority: 128
  DopplerLevel: 1
  MinDistance: 1
  MaxDistance: 500
  Pan2D: 0
  rolloffMode: 0
  BypassEffects: 0
  BypassListenerEffects: 0
  BypassReverbZones: 0
  rolloffCustomCurve:
    serializedVersion: 2
    m_Curve:
    - serializedVersion: 3
      time: 0
      value: 1
      inSlope: 0
      outSlope: 0
      tangentMode: 0
      weightedMode: 0
      inWeight: 0.33333334
      outWeight: 0.33333334
    - serializedVersion: 3
      time: 1
      value: 0
      inSlope: 0
      outSlope: 0
      tangentMode: 0
      weightedMode: 0
      inWeight: 0.33333334
      outWeight: 0.33333334
    m_PreInfinity: 2
    m_PostInfinity: 2
    m_RotationOrder: 4
  panLevelCustomCurve:
    serializedVersion: 2
    m_Curve:
    - serializedVersion: 3
      time: 0
      value: 0
      inSlope: 0
      outSlope: 0
      tangentMode: 0
      weightedMode: 0
      inWeight: 0.33333334
      outWeight: 0.33333334
    m_PreInfinity: 2
    m_PostInfinity: 2
    m_RotationOrder: 4
  spreadCustomCurve:
    serializedVersion: 2
    m_Curve:
    - serializedVersion: 3
      time: 0
      value: 0
      inSlope: 0
      outSlope: 0
      tangentMode: 0
      weightedMode: 0
      inWeight: 0.33333334
      outWeight: 0.33333334
    m_PreInfinity: 2
    m_PostInfinity: 2
    m_RotationOrder: 4
  reverbZoneMixCustomCurve:
    serializedVersion: 2
    m_Curve:
    - serializedVersion: 3
      time: 0
      value: 1
      inSlope: 0
      outSlope: 0
      tangentMode: 0
      weightedMode: 0
      inWeight: 0.33333334
      outWeight: 0.33333334
    m_PreInfinity: 2
    m_PostInfinity: 2
    m_RotationOrder: 4
--- !u!1001 &695930185
PrefabInstance:
  m_ObjectHideFlags: 0
  serializedVersion: 2
  m_Modification:
    m_TransformParent: {fileID: 0}
    m_Modifications:
    - target: {fileID: 672482370885576218, guid: 72a498fb5833d5b4db3b345f7ec7e960,
        type: 3}
      propertyPath: m_Name
      value: Person (1)
      objectReference: {fileID: 0}
    - target: {fileID: 672482370885576196, guid: 72a498fb5833d5b4db3b345f7ec7e960,
        type: 3}
      propertyPath: m_LocalPosition.x
      value: -2.22
      objectReference: {fileID: 0}
    - target: {fileID: 672482370885576196, guid: 72a498fb5833d5b4db3b345f7ec7e960,
        type: 3}
      propertyPath: m_LocalPosition.y
      value: -1.23
      objectReference: {fileID: 0}
    - target: {fileID: 672482370885576196, guid: 72a498fb5833d5b4db3b345f7ec7e960,
        type: 3}
      propertyPath: m_LocalPosition.z
      value: -1
      objectReference: {fileID: 0}
    - target: {fileID: 672482370885576196, guid: 72a498fb5833d5b4db3b345f7ec7e960,
        type: 3}
      propertyPath: m_LocalRotation.x
      value: 0
      objectReference: {fileID: 0}
    - target: {fileID: 672482370885576196, guid: 72a498fb5833d5b4db3b345f7ec7e960,
        type: 3}
      propertyPath: m_LocalRotation.y
      value: 0
      objectReference: {fileID: 0}
    - target: {fileID: 672482370885576196, guid: 72a498fb5833d5b4db3b345f7ec7e960,
        type: 3}
      propertyPath: m_LocalRotation.z
      value: 0
      objectReference: {fileID: 0}
    - target: {fileID: 672482370885576196, guid: 72a498fb5833d5b4db3b345f7ec7e960,
        type: 3}
      propertyPath: m_LocalRotation.w
      value: 1
      objectReference: {fileID: 0}
    - target: {fileID: 672482370885576196, guid: 72a498fb5833d5b4db3b345f7ec7e960,
        type: 3}
      propertyPath: m_RootOrder
      value: 9
      objectReference: {fileID: 0}
    - target: {fileID: 672482370885576196, guid: 72a498fb5833d5b4db3b345f7ec7e960,
        type: 3}
      propertyPath: m_LocalEulerAnglesHint.x
      value: 0
      objectReference: {fileID: 0}
    - target: {fileID: 672482370885576196, guid: 72a498fb5833d5b4db3b345f7ec7e960,
        type: 3}
      propertyPath: m_LocalEulerAnglesHint.y
      value: 0
      objectReference: {fileID: 0}
    - target: {fileID: 672482370885576196, guid: 72a498fb5833d5b4db3b345f7ec7e960,
        type: 3}
      propertyPath: m_LocalEulerAnglesHint.z
      value: 0
      objectReference: {fileID: 0}
    - target: {fileID: 672482370885576197, guid: 72a498fb5833d5b4db3b345f7ec7e960,
        type: 3}
      propertyPath: m_SortingOrder
      value: 1
      objectReference: {fileID: 0}
    m_RemovedComponents: []
  m_SourcePrefab: {fileID: 100100000, guid: 72a498fb5833d5b4db3b345f7ec7e960, type: 3}
--- !u!1 &765285972
GameObject:
  m_ObjectHideFlags: 0
  m_CorrespondingSourceObject: {fileID: 0}
  m_PrefabInstance: {fileID: 0}
  m_PrefabAsset: {fileID: 0}
  serializedVersion: 6
  m_Component:
  - component: {fileID: 765285974}
  - component: {fileID: 765285973}
  m_Layer: 0
  m_Name: Spawner
  m_TagString: Untagged
  m_Icon: {fileID: 0}
  m_NavMeshLayer: 0
  m_StaticEditorFlags: 0
  m_IsActive: 1
--- !u!114 &765285973
MonoBehaviour:
  m_ObjectHideFlags: 0
  m_CorrespondingSourceObject: {fileID: 0}
  m_PrefabInstance: {fileID: 0}
  m_PrefabAsset: {fileID: 0}
  m_GameObject: {fileID: 765285972}
  m_Enabled: 1
  m_EditorHideFlags: 0
  m_Script: {fileID: 11500000, guid: 2f74f3a718b5caa4da786851c4d94c2a, type: 3}
  m_Name: 
  m_EditorClassIdentifier: 
  gameManager: {fileID: 1957752184}
  germen: {fileID: 3276557968501582457, guid: b3ffd74b1ad131c4e80e369a97920a25, type: 3}
  area: {fileID: 1108533010}
  spawnRatio: 1
  blockedLayers:
    serializedVersion: 2
    m_Bits: 512
--- !u!4 &765285974
Transform:
  m_ObjectHideFlags: 0
  m_CorrespondingSourceObject: {fileID: 0}
  m_PrefabInstance: {fileID: 0}
  m_PrefabAsset: {fileID: 0}
  m_GameObject: {fileID: 765285972}
  m_LocalRotation: {x: 0, y: 0, z: 0, w: 1}
  m_LocalPosition: {x: -0.13134626, y: 0.095636286, z: -0.11274935}
  m_LocalScale: {x: 1, y: 1, z: 1}
  m_Children: []
  m_Father: {fileID: 0}
  m_RootOrder: 4
  m_LocalEulerAnglesHint: {x: 0, y: 0, z: 0}
--- !u!1 &1069464103
GameObject:
  m_ObjectHideFlags: 0
  m_CorrespondingSourceObject: {fileID: 0}
  m_PrefabInstance: {fileID: 0}
  m_PrefabAsset: {fileID: 0}
  serializedVersion: 6
  m_Component:
  - component: {fileID: 1069464107}
  - component: {fileID: 1069464106}
  - component: {fileID: 1069464105}
  - component: {fileID: 1069464108}
  - component: {fileID: 1069464104}
  - component: {fileID: 1069464109}
  m_Layer: 10
  m_Name: Hospital
  m_TagString: Untagged
  m_Icon: {fileID: 0}
  m_NavMeshLayer: 0
  m_StaticEditorFlags: 0
  m_IsActive: 1
--- !u!61 &1069464104
BoxCollider2D:
  m_ObjectHideFlags: 0
  m_CorrespondingSourceObject: {fileID: 0}
  m_PrefabInstance: {fileID: 0}
  m_PrefabAsset: {fileID: 0}
  m_GameObject: {fileID: 1069464103}
  m_Enabled: 1
  m_Density: 1
  m_Material: {fileID: 0}
  m_IsTrigger: 0
  m_UsedByEffector: 0
  m_UsedByComposite: 0
  m_Offset: {x: 0, y: 0}
  m_SpriteTilingProperty:
    border: {x: 0, y: 0, z: 0, w: 0}
    pivot: {x: 0.5, y: 0.5}
    oldSize: {x: 5, y: 5}
    newSize: {x: 2.25, y: 2.25}
    adaptiveTilingThreshold: 0.5
    drawMode: 0
    adaptiveTiling: 0
  m_AutoTiling: 0
  serializedVersion: 2
  m_Size: {x: 2.25, y: 2.25}
  m_EdgeRadius: 0
--- !u!114 &1069464105
MonoBehaviour:
  m_ObjectHideFlags: 0
  m_CorrespondingSourceObject: {fileID: 0}
  m_PrefabInstance: {fileID: 0}
  m_PrefabAsset: {fileID: 0}
  m_GameObject: {fileID: 1069464103}
  m_Enabled: 1
  m_EditorHideFlags: 0
  m_Script: {fileID: 11500000, guid: d66212a63d1a353458ed55050aebaa0f, type: 3}
  m_Name: 
  m_EditorClassIdentifier: 
  src: {fileID: 1069464109}
--- !u!212 &1069464106
SpriteRenderer:
  m_ObjectHideFlags: 0
  m_CorrespondingSourceObject: {fileID: 0}
  m_PrefabInstance: {fileID: 0}
  m_PrefabAsset: {fileID: 0}
  m_GameObject: {fileID: 1069464103}
  m_Enabled: 1
  m_CastShadows: 0
  m_ReceiveShadows: 0
  m_DynamicOccludee: 1
  m_MotionVectors: 1
  m_LightProbeUsage: 1
  m_ReflectionProbeUsage: 1
  m_RenderingLayerMask: 1
  m_RendererPriority: 0
  m_Materials:
  - {fileID: 10754, guid: 0000000000000000f000000000000000, type: 0}
  m_StaticBatchInfo:
    firstSubMesh: 0
    subMeshCount: 0
  m_StaticBatchRoot: {fileID: 0}
  m_ProbeAnchor: {fileID: 0}
  m_LightProbeVolumeOverride: {fileID: 0}
  m_ScaleInLightmap: 1
  m_ReceiveGI: 1
  m_PreserveUVs: 0
  m_IgnoreNormalsForChartDetection: 0
  m_ImportantGI: 0
  m_StitchLightmapSeams: 1
  m_SelectedEditorRenderState: 0
  m_MinimumChartSize: 4
  m_AutoUVMaxDistance: 0.5
  m_AutoUVMaxAngle: 89
  m_LightmapParameters: {fileID: 0}
  m_SortingLayerID: 0
  m_SortingLayer: 0
  m_SortingOrder: 1
  m_Sprite: {fileID: 21300000, guid: 5b73d41504935e044b8040e6436319cf, type: 3}
  m_Color: {r: 1, g: 1, b: 1, a: 1}
  m_FlipX: 0
  m_FlipY: 0
  m_DrawMode: 0
  m_Size: {x: 2.25, y: 2.25}
  m_AdaptiveModeThreshold: 0.5
  m_SpriteTileMode: 0
  m_WasSpriteAssigned: 1
  m_MaskInteraction: 0
  m_SpriteSortPoint: 0
--- !u!4 &1069464107
Transform:
  m_ObjectHideFlags: 0
  m_CorrespondingSourceObject: {fileID: 0}
  m_PrefabInstance: {fileID: 0}
  m_PrefabAsset: {fileID: 0}
  m_GameObject: {fileID: 1069464103}
  m_LocalRotation: {x: 0, y: 0, z: 0, w: 1}
  m_LocalPosition: {x: 7.665, y: 4.359, z: 0}
  m_LocalScale: {x: 0.25, y: 0.25, z: 0.25}
  m_Children: []
  m_Father: {fileID: 0}
  m_RootOrder: 15
  m_LocalEulerAnglesHint: {x: 0, y: 0, z: 0}
--- !u!50 &1069464108
Rigidbody2D:
  serializedVersion: 4
  m_ObjectHideFlags: 0
  m_CorrespondingSourceObject: {fileID: 0}
  m_PrefabInstance: {fileID: 0}
  m_PrefabAsset: {fileID: 0}
  m_GameObject: {fileID: 1069464103}
  m_BodyType: 1
  m_Simulated: 1
  m_UseFullKinematicContacts: 0
  m_UseAutoMass: 0
  m_Mass: 1
  m_LinearDrag: 0
  m_AngularDrag: 0.05
  m_GravityScale: 1
  m_Material: {fileID: 0}
  m_Interpolate: 0
  m_SleepingMode: 1
  m_CollisionDetection: 0
  m_Constraints: 0
--- !u!82 &1069464109
AudioSource:
  m_ObjectHideFlags: 0
  m_CorrespondingSourceObject: {fileID: 0}
  m_PrefabInstance: {fileID: 0}
  m_PrefabAsset: {fileID: 0}
  m_GameObject: {fileID: 1069464103}
  m_Enabled: 1
  serializedVersion: 4
  OutputAudioMixerGroup: {fileID: 0}
  m_audioClip: {fileID: 8300000, guid: 9aba3b43016bed840bbb4b0da78f4adc, type: 3}
  m_PlayOnAwake: 0
  m_Volume: 0.42
  m_Pitch: 1
  Loop: 0
  Mute: 0
  Spatialize: 0
  SpatializePostEffects: 0
  Priority: 128
  DopplerLevel: 1
  MinDistance: 1
  MaxDistance: 500
  Pan2D: 0
  rolloffMode: 0
  BypassEffects: 0
  BypassListenerEffects: 0
  BypassReverbZones: 0
  rolloffCustomCurve:
    serializedVersion: 2
    m_Curve:
    - serializedVersion: 3
      time: 0
      value: 1
      inSlope: 0
      outSlope: 0
      tangentMode: 0
      weightedMode: 0
      inWeight: 0.33333334
      outWeight: 0.33333334
    - serializedVersion: 3
      time: 1
      value: 0
      inSlope: 0
      outSlope: 0
      tangentMode: 0
      weightedMode: 0
      inWeight: 0.33333334
      outWeight: 0.33333334
    m_PreInfinity: 2
    m_PostInfinity: 2
    m_RotationOrder: 4
  panLevelCustomCurve:
    serializedVersion: 2
    m_Curve:
    - serializedVersion: 3
      time: 0
      value: 0
      inSlope: 0
      outSlope: 0
      tangentMode: 0
      weightedMode: 0
      inWeight: 0.33333334
      outWeight: 0.33333334
    m_PreInfinity: 2
    m_PostInfinity: 2
    m_RotationOrder: 4
  spreadCustomCurve:
    serializedVersion: 2
    m_Curve:
    - serializedVersion: 3
      time: 0
      value: 0
      inSlope: 0
      outSlope: 0
      tangentMode: 0
      weightedMode: 0
      inWeight: 0.33333334
      outWeight: 0.33333334
    m_PreInfinity: 2
    m_PostInfinity: 2
    m_RotationOrder: 4
  reverbZoneMixCustomCurve:
    serializedVersion: 2
    m_Curve:
    - serializedVersion: 3
      time: 0
      value: 1
      inSlope: 0
      outSlope: 0
      tangentMode: 0
      weightedMode: 0
      inWeight: 0.33333334
      outWeight: 0.33333334
    m_PreInfinity: 2
    m_PostInfinity: 2
    m_RotationOrder: 4
--- !u!1 &1108533010
GameObject:
  m_ObjectHideFlags: 0
  m_CorrespondingSourceObject: {fileID: 0}
  m_PrefabInstance: {fileID: 0}
  m_PrefabAsset: {fileID: 0}
  serializedVersion: 6
  m_Component:
  - component: {fileID: 1108533013}
  - component: {fileID: 1108533012}
  - component: {fileID: 1108533011}
  m_Layer: 0
  m_Name: SpawnArea
  m_TagString: Untagged
  m_Icon: {fileID: 0}
  m_NavMeshLayer: 0
  m_StaticEditorFlags: 0
  m_IsActive: 1
--- !u!61 &1108533011
BoxCollider2D:
  m_ObjectHideFlags: 0
  m_CorrespondingSourceObject: {fileID: 0}
  m_PrefabInstance: {fileID: 0}
  m_PrefabAsset: {fileID: 0}
  m_GameObject: {fileID: 1108533010}
  m_Enabled: 1
  m_Density: 1
  m_Material: {fileID: 0}
  m_IsTrigger: 0
  m_UsedByEffector: 0
  m_UsedByComposite: 0
  m_Offset: {x: 0.00063456595, y: -0.0069440007}
  m_SpriteTilingProperty:
    border: {x: 0, y: 0, z: 0, w: 0}
    pivot: {x: 0.5, y: 0.5}
    oldSize: {x: 1, y: 1}
    newSize: {x: 0.16, y: 0.16}
    adaptiveTilingThreshold: 0.5
    drawMode: 0
    adaptiveTiling: 0
  m_AutoTiling: 0
  serializedVersion: 2
  m_Size: {x: 0.24876928, y: 0.14315858}
  m_EdgeRadius: 0
--- !u!212 &1108533012
SpriteRenderer:
  m_ObjectHideFlags: 0
  m_CorrespondingSourceObject: {fileID: 0}
  m_PrefabInstance: {fileID: 0}
  m_PrefabAsset: {fileID: 0}
  m_GameObject: {fileID: 1108533010}
  m_Enabled: 1
  m_CastShadows: 0
  m_ReceiveShadows: 0
  m_DynamicOccludee: 1
  m_MotionVectors: 1
  m_LightProbeUsage: 1
  m_ReflectionProbeUsage: 1
  m_RenderingLayerMask: 1
  m_RendererPriority: 0
  m_Materials:
  - {fileID: 10754, guid: 0000000000000000f000000000000000, type: 0}
  m_StaticBatchInfo:
    firstSubMesh: 0
    subMeshCount: 0
  m_StaticBatchRoot: {fileID: 0}
  m_ProbeAnchor: {fileID: 0}
  m_LightProbeVolumeOverride: {fileID: 0}
  m_ScaleInLightmap: 1
  m_ReceiveGI: 1
  m_PreserveUVs: 0
  m_IgnoreNormalsForChartDetection: 0
  m_ImportantGI: 0
  m_StitchLightmapSeams: 1
  m_SelectedEditorRenderState: 0
  m_MinimumChartSize: 4
  m_AutoUVMaxDistance: 0.5
  m_AutoUVMaxAngle: 89
  m_LightmapParameters: {fileID: 0}
  m_SortingLayerID: 0
  m_SortingLayer: 0
  m_SortingOrder: -5
  m_Sprite: {fileID: 21300000, guid: e8a7ac2753a2105489cd7701efd68638, type: 3}
  m_Color: {r: 0.3018868, g: 0.3018868, b: 0.3018868, a: 1}
  m_FlipX: 0
  m_FlipY: 0
  m_DrawMode: 0
  m_Size: {x: 0.16, y: 0.16}
  m_AdaptiveModeThreshold: 0.5
  m_SpriteTileMode: 0
  m_WasSpriteAssigned: 1
  m_MaskInteraction: 0
  m_SpriteSortPoint: 0
--- !u!4 &1108533013
Transform:
  m_ObjectHideFlags: 0
  m_CorrespondingSourceObject: {fileID: 0}
  m_PrefabInstance: {fileID: 0}
  m_PrefabAsset: {fileID: 0}
  m_GameObject: {fileID: 1108533010}
  m_LocalRotation: {x: 0, y: 0, z: 0, w: 1}
  m_LocalPosition: {x: 0, y: 0, z: 0}
  m_LocalScale: {x: 80, y: 60, z: 1}
  m_Children: []
  m_Father: {fileID: 0}
  m_RootOrder: 3
  m_LocalEulerAnglesHint: {x: 0, y: 0, z: 0}
--- !u!114 &1315759683 stripped
MonoBehaviour:
  m_CorrespondingSourceObject: {fileID: 5601396634957612074, guid: 9c27ce4fc25d0e84b8c3ad6f7d26784a,
    type: 3}
  m_PrefabInstance: {fileID: 5601396634121101929}
  m_PrefabAsset: {fileID: 0}
  m_GameObject: {fileID: 0}
  m_Enabled: 1
  m_EditorHideFlags: 0
  m_Script: {fileID: 11500000, guid: d5274906fc31ca1488cea398595ef653, type: 3}
  m_Name: 
  m_EditorClassIdentifier: 
--- !u!1001 &1356710833
PrefabInstance:
  m_ObjectHideFlags: 0
  serializedVersion: 2
  m_Modification:
    m_TransformParent: {fileID: 0}
    m_Modifications:
    - target: {fileID: 672482370885576218, guid: 72a498fb5833d5b4db3b345f7ec7e960,
        type: 3}
      propertyPath: m_Name
      value: Person (3)
      objectReference: {fileID: 0}
    - target: {fileID: 672482370885576218, guid: 72a498fb5833d5b4db3b345f7ec7e960,
        type: 3}
      propertyPath: m_IsActive
      value: 1
      objectReference: {fileID: 0}
    - target: {fileID: 672482370885576196, guid: 72a498fb5833d5b4db3b345f7ec7e960,
        type: 3}
      propertyPath: m_LocalPosition.x
      value: 2.43
      objectReference: {fileID: 0}
    - target: {fileID: 672482370885576196, guid: 72a498fb5833d5b4db3b345f7ec7e960,
        type: 3}
      propertyPath: m_LocalPosition.y
      value: -1.12
      objectReference: {fileID: 0}
    - target: {fileID: 672482370885576196, guid: 72a498fb5833d5b4db3b345f7ec7e960,
        type: 3}
      propertyPath: m_LocalPosition.z
      value: -1
      objectReference: {fileID: 0}
    - target: {fileID: 672482370885576196, guid: 72a498fb5833d5b4db3b345f7ec7e960,
        type: 3}
      propertyPath: m_LocalRotation.x
      value: 0
      objectReference: {fileID: 0}
    - target: {fileID: 672482370885576196, guid: 72a498fb5833d5b4db3b345f7ec7e960,
        type: 3}
      propertyPath: m_LocalRotation.y
      value: 0
      objectReference: {fileID: 0}
    - target: {fileID: 672482370885576196, guid: 72a498fb5833d5b4db3b345f7ec7e960,
        type: 3}
      propertyPath: m_LocalRotation.z
      value: 0
      objectReference: {fileID: 0}
    - target: {fileID: 672482370885576196, guid: 72a498fb5833d5b4db3b345f7ec7e960,
        type: 3}
      propertyPath: m_LocalRotation.w
      value: 1
      objectReference: {fileID: 0}
    - target: {fileID: 672482370885576196, guid: 72a498fb5833d5b4db3b345f7ec7e960,
        type: 3}
      propertyPath: m_RootOrder
      value: 11
      objectReference: {fileID: 0}
    - target: {fileID: 672482370885576196, guid: 72a498fb5833d5b4db3b345f7ec7e960,
        type: 3}
      propertyPath: m_LocalEulerAnglesHint.x
      value: 0
      objectReference: {fileID: 0}
    - target: {fileID: 672482370885576196, guid: 72a498fb5833d5b4db3b345f7ec7e960,
        type: 3}
      propertyPath: m_LocalEulerAnglesHint.y
      value: 0
      objectReference: {fileID: 0}
    - target: {fileID: 672482370885576196, guid: 72a498fb5833d5b4db3b345f7ec7e960,
        type: 3}
      propertyPath: m_LocalEulerAnglesHint.z
      value: 0
      objectReference: {fileID: 0}
    - target: {fileID: 672482370885576197, guid: 72a498fb5833d5b4db3b345f7ec7e960,
        type: 3}
      propertyPath: m_SortingOrder
      value: 1
      objectReference: {fileID: 0}
    m_RemovedComponents: []
  m_SourcePrefab: {fileID: 100100000, guid: 72a498fb5833d5b4db3b345f7ec7e960, type: 3}
--- !u!1 &1446735460
GameObject:
  m_ObjectHideFlags: 0
  m_CorrespondingSourceObject: {fileID: 0}
  m_PrefabInstance: {fileID: 0}
  m_PrefabAsset: {fileID: 0}
  serializedVersion: 6
  m_Component:
  - component: {fileID: 1446735463}
  - component: {fileID: 1446735462}
  - component: {fileID: 1446735461}
  m_Layer: 0
  m_Name: EventSystem
  m_TagString: Untagged
  m_Icon: {fileID: 0}
  m_NavMeshLayer: 0
  m_StaticEditorFlags: 0
  m_IsActive: 1
--- !u!114 &1446735461
MonoBehaviour:
  m_ObjectHideFlags: 0
  m_CorrespondingSourceObject: {fileID: 0}
  m_PrefabInstance: {fileID: 0}
  m_PrefabAsset: {fileID: 0}
  m_GameObject: {fileID: 1446735460}
  m_Enabled: 1
  m_EditorHideFlags: 0
  m_Script: {fileID: 11500000, guid: 4f231c4fb786f3946a6b90b886c48677, type: 3}
  m_Name: 
  m_EditorClassIdentifier: 
  m_HorizontalAxis: Horizontal
  m_VerticalAxis: Vertical
  m_SubmitButton: Submit
  m_CancelButton: Cancel
  m_InputActionsPerSecond: 10
  m_RepeatDelay: 0.5
  m_ForceModuleActive: 0
--- !u!114 &1446735462
MonoBehaviour:
  m_ObjectHideFlags: 0
  m_CorrespondingSourceObject: {fileID: 0}
  m_PrefabInstance: {fileID: 0}
  m_PrefabAsset: {fileID: 0}
  m_GameObject: {fileID: 1446735460}
  m_Enabled: 1
  m_EditorHideFlags: 0
  m_Script: {fileID: 11500000, guid: 76c392e42b5098c458856cdf6ecaaaa1, type: 3}
  m_Name: 
  m_EditorClassIdentifier: 
  m_FirstSelected: {fileID: 0}
  m_sendNavigationEvents: 1
  m_DragThreshold: 10
--- !u!4 &1446735463
Transform:
  m_ObjectHideFlags: 0
  m_CorrespondingSourceObject: {fileID: 0}
  m_PrefabInstance: {fileID: 0}
  m_PrefabAsset: {fileID: 0}
  m_GameObject: {fileID: 1446735460}
  m_LocalRotation: {x: 0, y: 0, z: 0, w: 1}
  m_LocalPosition: {x: 0, y: 0, z: 0}
  m_LocalScale: {x: 1, y: 1, z: 1}
  m_Children: []
  m_Father: {fileID: 0}
  m_RootOrder: 8
  m_LocalEulerAnglesHint: {x: 0, y: 0, z: 0}
--- !u!1 &1694047983 stripped
GameObject:
  m_CorrespondingSourceObject: {fileID: -1166416024024837539, guid: 81f9cc97a9a081e43943a8e43f98340f,
    type: 3}
  m_PrefabInstance: {fileID: 1928142492}
  m_PrefabAsset: {fileID: 0}
--- !u!95 &1694047984
Animator:
  serializedVersion: 3
  m_ObjectHideFlags: 0
  m_CorrespondingSourceObject: {fileID: 0}
  m_PrefabInstance: {fileID: 0}
  m_PrefabAsset: {fileID: 0}
  m_GameObject: {fileID: 1694047983}
  m_Enabled: 1
  m_Avatar: {fileID: 0}
  m_Controller: {fileID: 9100000, guid: ec7093d68202eb041b423dd050e3204b, type: 2}
  m_CullingMode: 0
  m_UpdateMode: 0
  m_ApplyRootMotion: 0
  m_LinearVelocityBlending: 0
  m_WarningMessage: 
  m_HasTransformHierarchy: 1
  m_AllowConstantClipSamplingOptimization: 1
  m_KeepAnimatorControllerStateOnDisable: 0
--- !u!1001 &1928142492
PrefabInstance:
  m_ObjectHideFlags: 0
  serializedVersion: 2
  m_Modification:
    m_TransformParent: {fileID: 0}
    m_Modifications:
    - target: {fileID: -1166416024024837539, guid: 81f9cc97a9a081e43943a8e43f98340f,
        type: 3}
      propertyPath: m_Name
      value: personajeCovid19 (1)
      objectReference: {fileID: 0}
    - target: {fileID: -1166416024024837539, guid: 81f9cc97a9a081e43943a8e43f98340f,
        type: 3}
      propertyPath: m_IsActive
      value: 0
      objectReference: {fileID: 0}
    - target: {fileID: -5407448183986221422, guid: 81f9cc97a9a081e43943a8e43f98340f,
        type: 3}
      propertyPath: m_LocalPosition.x
      value: 0.8715972
      objectReference: {fileID: 0}
    - target: {fileID: -5407448183986221422, guid: 81f9cc97a9a081e43943a8e43f98340f,
        type: 3}
      propertyPath: m_LocalPosition.y
      value: -0.000000038580776
      objectReference: {fileID: 0}
    - target: {fileID: -2343153221395671726, guid: 81f9cc97a9a081e43943a8e43f98340f,
        type: 3}
      propertyPath: m_LocalRotation.x
      value: -0
      objectReference: {fileID: 0}
    - target: {fileID: -2343153221395671726, guid: 81f9cc97a9a081e43943a8e43f98340f,
        type: 3}
      propertyPath: m_LocalRotation.y
      value: -0
      objectReference: {fileID: 0}
    - target: {fileID: -2343153221395671726, guid: 81f9cc97a9a081e43943a8e43f98340f,
        type: 3}
      propertyPath: m_LocalRotation.z
      value: 0.21130851
      objectReference: {fileID: 0}
    - target: {fileID: -2343153221395671726, guid: 81f9cc97a9a081e43943a8e43f98340f,
        type: 3}
      propertyPath: m_LocalRotation.w
      value: 0.97741944
      objectReference: {fileID: 0}
    - target: {fileID: -2343153221395671726, guid: 81f9cc97a9a081e43943a8e43f98340f,
        type: 3}
      propertyPath: m_LocalEulerAnglesHint.z
      value: 24.398
      objectReference: {fileID: 0}
    - target: {fileID: -2343153221395671726, guid: 81f9cc97a9a081e43943a8e43f98340f,
        type: 3}
      propertyPath: m_LocalPosition.x
      value: 0.8669474
      objectReference: {fileID: 0}
    - target: {fileID: -2343153221395671726, guid: 81f9cc97a9a081e43943a8e43f98340f,
        type: 3}
      propertyPath: m_LocalPosition.y
      value: -0.00000008095553
      objectReference: {fileID: 0}
    - target: {fileID: 294394327273501098, guid: 81f9cc97a9a081e43943a8e43f98340f,
        type: 3}
      propertyPath: m_LocalRotation.x
      value: 0
      objectReference: {fileID: 0}
    - target: {fileID: 294394327273501098, guid: 81f9cc97a9a081e43943a8e43f98340f,
        type: 3}
      propertyPath: m_LocalRotation.y
      value: 0
      objectReference: {fileID: 0}
    - target: {fileID: 294394327273501098, guid: 81f9cc97a9a081e43943a8e43f98340f,
        type: 3}
      propertyPath: m_LocalRotation.z
      value: -0.00650497
      objectReference: {fileID: 0}
    - target: {fileID: 294394327273501098, guid: 81f9cc97a9a081e43943a8e43f98340f,
        type: 3}
      propertyPath: m_LocalRotation.w
      value: 0.99997884
      objectReference: {fileID: 0}
    - target: {fileID: 294394327273501098, guid: 81f9cc97a9a081e43943a8e43f98340f,
        type: 3}
      propertyPath: m_LocalEulerAnglesHint.z
      value: 0
      objectReference: {fileID: 0}
    - target: {fileID: 1925513447887030096, guid: 81f9cc97a9a081e43943a8e43f98340f,
        type: 3}
      propertyPath: m_LocalPosition.x
      value: 4.33
      objectReference: {fileID: 0}
    - target: {fileID: 1925513447887030096, guid: 81f9cc97a9a081e43943a8e43f98340f,
        type: 3}
      propertyPath: m_LocalPosition.y
      value: -4.7027535
      objectReference: {fileID: 0}
    - target: {fileID: 1925513447887030096, guid: 81f9cc97a9a081e43943a8e43f98340f,
        type: 3}
      propertyPath: m_LocalPosition.z
      value: 0
      objectReference: {fileID: 0}
    - target: {fileID: 1925513447887030096, guid: 81f9cc97a9a081e43943a8e43f98340f,
        type: 3}
      propertyPath: m_LocalRotation.x
      value: 0
      objectReference: {fileID: 0}
    - target: {fileID: 1925513447887030096, guid: 81f9cc97a9a081e43943a8e43f98340f,
        type: 3}
      propertyPath: m_LocalRotation.y
      value: 0
      objectReference: {fileID: 0}
    - target: {fileID: 1925513447887030096, guid: 81f9cc97a9a081e43943a8e43f98340f,
        type: 3}
      propertyPath: m_LocalRotation.z
      value: 0
      objectReference: {fileID: 0}
    - target: {fileID: 1925513447887030096, guid: 81f9cc97a9a081e43943a8e43f98340f,
        type: 3}
      propertyPath: m_LocalRotation.w
      value: 1
      objectReference: {fileID: 0}
    - target: {fileID: 1925513447887030096, guid: 81f9cc97a9a081e43943a8e43f98340f,
        type: 3}
      propertyPath: m_RootOrder
      value: 7
      objectReference: {fileID: 0}
    - target: {fileID: 1925513447887030096, guid: 81f9cc97a9a081e43943a8e43f98340f,
        type: 3}
      propertyPath: m_LocalEulerAnglesHint.x
      value: 0
      objectReference: {fileID: 0}
    - target: {fileID: 1925513447887030096, guid: 81f9cc97a9a081e43943a8e43f98340f,
        type: 3}
      propertyPath: m_LocalEulerAnglesHint.y
      value: 0
      objectReference: {fileID: 0}
    - target: {fileID: 1925513447887030096, guid: 81f9cc97a9a081e43943a8e43f98340f,
        type: 3}
      propertyPath: m_LocalEulerAnglesHint.z
      value: 0
      objectReference: {fileID: 0}
    - target: {fileID: 7979951434874840340, guid: 81f9cc97a9a081e43943a8e43f98340f,
        type: 3}
      propertyPath: m_LocalRotation.x
      value: -0
      objectReference: {fileID: 0}
    - target: {fileID: 7979951434874840340, guid: 81f9cc97a9a081e43943a8e43f98340f,
        type: 3}
      propertyPath: m_LocalRotation.y
      value: -0
      objectReference: {fileID: 0}
    - target: {fileID: 7979951434874840340, guid: 81f9cc97a9a081e43943a8e43f98340f,
        type: 3}
      propertyPath: m_LocalRotation.z
      value: 0.5154225
      objectReference: {fileID: 0}
    - target: {fileID: 7979951434874840340, guid: 81f9cc97a9a081e43943a8e43f98340f,
        type: 3}
      propertyPath: m_LocalRotation.w
      value: 0.8569362
      objectReference: {fileID: 0}
    - target: {fileID: 7979951434874840340, guid: 81f9cc97a9a081e43943a8e43f98340f,
        type: 3}
      propertyPath: m_LocalEulerAnglesHint.z
      value: 62.051003
      objectReference: {fileID: 0}
    - target: {fileID: 3779069687610739026, guid: 81f9cc97a9a081e43943a8e43f98340f,
        type: 3}
      propertyPath: m_LocalRotation.x
      value: -0
      objectReference: {fileID: 0}
    - target: {fileID: 3779069687610739026, guid: 81f9cc97a9a081e43943a8e43f98340f,
        type: 3}
      propertyPath: m_LocalRotation.y
      value: -0
      objectReference: {fileID: 0}
    - target: {fileID: 3779069687610739026, guid: 81f9cc97a9a081e43943a8e43f98340f,
        type: 3}
      propertyPath: m_LocalRotation.z
      value: -0.6571165
      objectReference: {fileID: 0}
    - target: {fileID: 3779069687610739026, guid: 81f9cc97a9a081e43943a8e43f98340f,
        type: 3}
      propertyPath: m_LocalRotation.w
      value: 0.7537891
      objectReference: {fileID: 0}
    - target: {fileID: 3779069687610739026, guid: 81f9cc97a9a081e43943a8e43f98340f,
        type: 3}
      propertyPath: m_LocalEulerAnglesHint.z
      value: -82.161
      objectReference: {fileID: 0}
    m_RemovedComponents: []
  m_SourcePrefab: {fileID: 7434436969485763486, guid: 81f9cc97a9a081e43943a8e43f98340f,
    type: 3}
--- !u!1 &1957752183
GameObject:
  m_ObjectHideFlags: 0
  m_CorrespondingSourceObject: {fileID: 0}
  m_PrefabInstance: {fileID: 0}
  m_PrefabAsset: {fileID: 0}
  serializedVersion: 6
  m_Component:
  - component: {fileID: 1957752185}
  - component: {fileID: 1957752184}
  - component: {fileID: 1957752186}
  - component: {fileID: 1957752187}
  m_Layer: 0
  m_Name: Managers
  m_TagString: Untagged
  m_Icon: {fileID: 0}
  m_NavMeshLayer: 0
  m_StaticEditorFlags: 0
  m_IsActive: 1
--- !u!114 &1957752184
MonoBehaviour:
  m_ObjectHideFlags: 0
  m_CorrespondingSourceObject: {fileID: 0}
  m_PrefabInstance: {fileID: 0}
  m_PrefabAsset: {fileID: 0}
  m_GameObject: {fileID: 1957752183}
  m_Enabled: 1
  m_EditorHideFlags: 0
  m_Script: {fileID: 11500000, guid: 00ad78877f9040448929d36c242c087d, type: 3}
  m_Name: 
  m_EditorClassIdentifier: 
  playerInput: {fileID: 687834871}
  pauseMenu: {fileID: 1315759683}
  src: {fileID: 1957752187}
--- !u!4 &1957752185
Transform:
  m_ObjectHideFlags: 0
  m_CorrespondingSourceObject: {fileID: 0}
  m_PrefabInstance: {fileID: 0}
  m_PrefabAsset: {fileID: 0}
  m_GameObject: {fileID: 1957752183}
  m_LocalRotation: {x: 0, y: 0, z: 0, w: 1}
  m_LocalPosition: {x: 343.18756, y: 221.20912, z: -56.727337}
  m_LocalScale: {x: 1, y: 1, z: 1}
  m_Children: []
  m_Father: {fileID: 0}
  m_RootOrder: 14
  m_LocalEulerAnglesHint: {x: 0, y: 0, z: 0}
--- !u!114 &1957752186
MonoBehaviour:
  m_ObjectHideFlags: 0
  m_CorrespondingSourceObject: {fileID: 0}
  m_PrefabInstance: {fileID: 0}
  m_PrefabAsset: {fileID: 0}
  m_GameObject: {fileID: 1957752183}
  m_Enabled: 1
  m_EditorHideFlags: 0
  m_Script: {fileID: 11500000, guid: 3cbf4119329ba9b4084dc7a70fa53067, type: 3}
  m_Name: 
  m_EditorClassIdentifier: 
--- !u!82 &1957752187
AudioSource:
  m_ObjectHideFlags: 0
  m_CorrespondingSourceObject: {fileID: 0}
  m_PrefabInstance: {fileID: 0}
  m_PrefabAsset: {fileID: 0}
  m_GameObject: {fileID: 1957752183}
  m_Enabled: 1
  serializedVersion: 4
  OutputAudioMixerGroup: {fileID: 0}
  m_audioClip: {fileID: 8300000, guid: 75114ad28f89c45aa8266db2ffaa7349, type: 3}
  m_PlayOnAwake: 0
  m_Volume: 1
  m_Pitch: 1
  Loop: 0
  Mute: 0
  Spatialize: 0
  SpatializePostEffects: 0
  Priority: 128
  DopplerLevel: 1
  MinDistance: 1
  MaxDistance: 500
  Pan2D: 0
  rolloffMode: 0
  BypassEffects: 0
  BypassListenerEffects: 0
  BypassReverbZones: 0
  rolloffCustomCurve:
    serializedVersion: 2
    m_Curve:
    - serializedVersion: 3
      time: 0
      value: 1
      inSlope: 0
      outSlope: 0
      tangentMode: 0
      weightedMode: 0
      inWeight: 0.33333334
      outWeight: 0.33333334
    - serializedVersion: 3
      time: 1
      value: 0
      inSlope: 0
      outSlope: 0
      tangentMode: 0
      weightedMode: 0
      inWeight: 0.33333334
      outWeight: 0.33333334
    m_PreInfinity: 2
    m_PostInfinity: 2
    m_RotationOrder: 4
  panLevelCustomCurve:
    serializedVersion: 2
    m_Curve:
    - serializedVersion: 3
      time: 0
      value: 0
      inSlope: 0
      outSlope: 0
      tangentMode: 0
      weightedMode: 0
      inWeight: 0.33333334
      outWeight: 0.33333334
    m_PreInfinity: 2
    m_PostInfinity: 2
    m_RotationOrder: 4
  spreadCustomCurve:
    serializedVersion: 2
    m_Curve:
    - serializedVersion: 3
      time: 0
      value: 0
      inSlope: 0
      outSlope: 0
      tangentMode: 0
      weightedMode: 0
      inWeight: 0.33333334
      outWeight: 0.33333334
    m_PreInfinity: 2
    m_PostInfinity: 2
    m_RotationOrder: 4
  reverbZoneMixCustomCurve:
    serializedVersion: 2
    m_Curve:
    - serializedVersion: 3
      time: 0
      value: 1
      inSlope: 0
      outSlope: 0
      tangentMode: 0
      weightedMode: 0
      inWeight: 0.33333334
      outWeight: 0.33333334
    m_PreInfinity: 2
    m_PostInfinity: 2
    m_RotationOrder: 4
--- !u!1 &2120620095
GameObject:
  m_ObjectHideFlags: 0
  m_CorrespondingSourceObject: {fileID: 0}
  m_PrefabInstance: {fileID: 0}
  m_PrefabAsset: {fileID: 0}
  serializedVersion: 6
  m_Component:
  - component: {fileID: 2120620097}
  - component: {fileID: 2120620096}
  m_Layer: 0
  m_Name: wagonTrain
  m_TagString: Untagged
  m_Icon: {fileID: 0}
  m_NavMeshLayer: 0
  m_StaticEditorFlags: 0
  m_IsActive: 1
--- !u!212 &2120620096
SpriteRenderer:
  m_ObjectHideFlags: 0
  m_CorrespondingSourceObject: {fileID: 0}
  m_PrefabInstance: {fileID: 0}
  m_PrefabAsset: {fileID: 0}
  m_GameObject: {fileID: 2120620095}
  m_Enabled: 1
  m_CastShadows: 0
  m_ReceiveShadows: 0
  m_DynamicOccludee: 1
  m_MotionVectors: 1
  m_LightProbeUsage: 1
  m_ReflectionProbeUsage: 1
  m_RenderingLayerMask: 1
  m_RendererPriority: 0
  m_Materials:
  - {fileID: 10754, guid: 0000000000000000f000000000000000, type: 0}
  m_StaticBatchInfo:
    firstSubMesh: 0
    subMeshCount: 0
  m_StaticBatchRoot: {fileID: 0}
  m_ProbeAnchor: {fileID: 0}
  m_LightProbeVolumeOverride: {fileID: 0}
  m_ScaleInLightmap: 1
  m_ReceiveGI: 1
  m_PreserveUVs: 0
  m_IgnoreNormalsForChartDetection: 0
  m_ImportantGI: 0
  m_StitchLightmapSeams: 1
  m_SelectedEditorRenderState: 0
  m_MinimumChartSize: 4
  m_AutoUVMaxDistance: 0.5
  m_AutoUVMaxAngle: 89
  m_LightmapParameters: {fileID: 0}
  m_SortingLayerID: 0
  m_SortingLayer: 0
  m_SortingOrder: 0
  m_Sprite: {fileID: 21300000, guid: 7a773b51699acf7479cc4c0862374b92, type: 3}
  m_Color: {r: 1, g: 1, b: 1, a: 1}
  m_FlipX: 0
  m_FlipY: 0
  m_DrawMode: 0
  m_Size: {x: 33.21, y: 11.221348}
  m_AdaptiveModeThreshold: 0.5
  m_SpriteTileMode: 0
  m_WasSpriteAssigned: 1
  m_MaskInteraction: 0
  m_SpriteSortPoint: 0
--- !u!4 &2120620097
Transform:
  m_ObjectHideFlags: 0
  m_CorrespondingSourceObject: {fileID: 0}
  m_PrefabInstance: {fileID: 0}
  m_PrefabAsset: {fileID: 0}
  m_GameObject: {fileID: 2120620095}
  m_LocalRotation: {x: 0, y: 0, z: 0, w: 1}
  m_LocalPosition: {x: 0, y: 0, z: 0}
  m_LocalScale: {x: 0.6, y: 0.9, z: 1}
  m_Children: []
  m_Father: {fileID: 0}
  m_RootOrder: 2
  m_LocalEulerAnglesHint: {x: 0, y: 0, z: 0}
--- !u!1001 &672482370669123509
PrefabInstance:
  m_ObjectHideFlags: 0
  serializedVersion: 2
  m_Modification:
    m_TransformParent: {fileID: 0}
    m_Modifications:
    - target: {fileID: 672482370885576218, guid: 72a498fb5833d5b4db3b345f7ec7e960,
        type: 3}
      propertyPath: m_Name
      value: Person
      objectReference: {fileID: 0}
    - target: {fileID: 672482370885576196, guid: 72a498fb5833d5b4db3b345f7ec7e960,
        type: 3}
      propertyPath: m_LocalPosition.x
      value: -6.86
      objectReference: {fileID: 0}
    - target: {fileID: 672482370885576196, guid: 72a498fb5833d5b4db3b345f7ec7e960,
        type: 3}
      propertyPath: m_LocalPosition.y
      value: -1.17
      objectReference: {fileID: 0}
    - target: {fileID: 672482370885576196, guid: 72a498fb5833d5b4db3b345f7ec7e960,
        type: 3}
      propertyPath: m_LocalPosition.z
      value: -1
      objectReference: {fileID: 0}
    - target: {fileID: 672482370885576196, guid: 72a498fb5833d5b4db3b345f7ec7e960,
        type: 3}
      propertyPath: m_LocalRotation.x
      value: 0
      objectReference: {fileID: 0}
    - target: {fileID: 672482370885576196, guid: 72a498fb5833d5b4db3b345f7ec7e960,
        type: 3}
      propertyPath: m_LocalRotation.y
      value: 0
      objectReference: {fileID: 0}
    - target: {fileID: 672482370885576196, guid: 72a498fb5833d5b4db3b345f7ec7e960,
        type: 3}
      propertyPath: m_LocalRotation.z
      value: 0
      objectReference: {fileID: 0}
    - target: {fileID: 672482370885576196, guid: 72a498fb5833d5b4db3b345f7ec7e960,
        type: 3}
      propertyPath: m_LocalRotation.w
      value: 1
      objectReference: {fileID: 0}
    - target: {fileID: 672482370885576196, guid: 72a498fb5833d5b4db3b345f7ec7e960,
        type: 3}
      propertyPath: m_RootOrder
      value: 6
      objectReference: {fileID: 0}
    - target: {fileID: 672482370885576196, guid: 72a498fb5833d5b4db3b345f7ec7e960,
        type: 3}
      propertyPath: m_LocalEulerAnglesHint.x
      value: 0
      objectReference: {fileID: 0}
    - target: {fileID: 672482370885576196, guid: 72a498fb5833d5b4db3b345f7ec7e960,
        type: 3}
      propertyPath: m_LocalEulerAnglesHint.y
      value: 0
      objectReference: {fileID: 0}
    - target: {fileID: 672482370885576196, guid: 72a498fb5833d5b4db3b345f7ec7e960,
        type: 3}
      propertyPath: m_LocalEulerAnglesHint.z
      value: 0
      objectReference: {fileID: 0}
    - target: {fileID: 672482370885576197, guid: 72a498fb5833d5b4db3b345f7ec7e960,
        type: 3}
      propertyPath: m_SortingOrder
      value: 1
      objectReference: {fileID: 0}
    - target: {fileID: 2691572321419760761, guid: 72a498fb5833d5b4db3b345f7ec7e960,
        type: 3}
      propertyPath: m_IsActive
      value: 0
      objectReference: {fileID: 0}
    - target: {fileID: 3478808567569183476, guid: 72a498fb5833d5b4db3b345f7ec7e960,
        type: 3}
      propertyPath: m_LocalPosition.z
      value: 1
      objectReference: {fileID: 0}
    m_RemovedComponents: []
  m_SourcePrefab: {fileID: 100100000, guid: 72a498fb5833d5b4db3b345f7ec7e960, type: 3}
--- !u!1001 &5601396634121101929
PrefabInstance:
  m_ObjectHideFlags: 0
  serializedVersion: 2
  m_Modification:
    m_TransformParent: {fileID: 0}
    m_Modifications:
    - target: {fileID: 5601396633653285379, guid: 9c27ce4fc25d0e84b8c3ad6f7d26784a,
        type: 3}
      propertyPath: m_Name
      value: UI
      objectReference: {fileID: 0}
    - target: {fileID: 5601396633653285383, guid: 9c27ce4fc25d0e84b8c3ad6f7d26784a,
        type: 3}
      propertyPath: m_LocalPosition.x
      value: 0
      objectReference: {fileID: 0}
    - target: {fileID: 5601396633653285383, guid: 9c27ce4fc25d0e84b8c3ad6f7d26784a,
        type: 3}
      propertyPath: m_LocalPosition.y
      value: 0
      objectReference: {fileID: 0}
    - target: {fileID: 5601396633653285383, guid: 9c27ce4fc25d0e84b8c3ad6f7d26784a,
        type: 3}
      propertyPath: m_LocalPosition.z
      value: 0
      objectReference: {fileID: 0}
    - target: {fileID: 5601396633653285383, guid: 9c27ce4fc25d0e84b8c3ad6f7d26784a,
        type: 3}
      propertyPath: m_LocalRotation.x
      value: 0
      objectReference: {fileID: 0}
    - target: {fileID: 5601396633653285383, guid: 9c27ce4fc25d0e84b8c3ad6f7d26784a,
        type: 3}
      propertyPath: m_LocalRotation.y
      value: 0
      objectReference: {fileID: 0}
    - target: {fileID: 5601396633653285383, guid: 9c27ce4fc25d0e84b8c3ad6f7d26784a,
        type: 3}
      propertyPath: m_LocalRotation.z
      value: 0
      objectReference: {fileID: 0}
    - target: {fileID: 5601396633653285383, guid: 9c27ce4fc25d0e84b8c3ad6f7d26784a,
        type: 3}
      propertyPath: m_LocalRotation.w
      value: 1
      objectReference: {fileID: 0}
    - target: {fileID: 5601396633653285383, guid: 9c27ce4fc25d0e84b8c3ad6f7d26784a,
        type: 3}
      propertyPath: m_RootOrder
      value: 13
      objectReference: {fileID: 0}
    - target: {fileID: 5601396633653285383, guid: 9c27ce4fc25d0e84b8c3ad6f7d26784a,
        type: 3}
      propertyPath: m_LocalEulerAnglesHint.x
      value: 0
      objectReference: {fileID: 0}
    - target: {fileID: 5601396633653285383, guid: 9c27ce4fc25d0e84b8c3ad6f7d26784a,
        type: 3}
      propertyPath: m_LocalEulerAnglesHint.y
      value: 0
      objectReference: {fileID: 0}
    - target: {fileID: 5601396633653285383, guid: 9c27ce4fc25d0e84b8c3ad6f7d26784a,
        type: 3}
      propertyPath: m_LocalEulerAnglesHint.z
      value: 0
      objectReference: {fileID: 0}
    - target: {fileID: 5601396633653285383, guid: 9c27ce4fc25d0e84b8c3ad6f7d26784a,
        type: 3}
      propertyPath: m_AnchoredPosition.x
      value: 0
      objectReference: {fileID: 0}
    - target: {fileID: 5601396633653285383, guid: 9c27ce4fc25d0e84b8c3ad6f7d26784a,
        type: 3}
      propertyPath: m_AnchoredPosition.y
      value: 0
      objectReference: {fileID: 0}
    - target: {fileID: 5601396633653285383, guid: 9c27ce4fc25d0e84b8c3ad6f7d26784a,
        type: 3}
      propertyPath: m_SizeDelta.x
      value: 0
      objectReference: {fileID: 0}
    - target: {fileID: 5601396633653285383, guid: 9c27ce4fc25d0e84b8c3ad6f7d26784a,
        type: 3}
      propertyPath: m_SizeDelta.y
      value: 0
      objectReference: {fileID: 0}
    - target: {fileID: 5601396633653285383, guid: 9c27ce4fc25d0e84b8c3ad6f7d26784a,
        type: 3}
      propertyPath: m_AnchorMin.x
      value: 0
      objectReference: {fileID: 0}
    - target: {fileID: 5601396633653285383, guid: 9c27ce4fc25d0e84b8c3ad6f7d26784a,
        type: 3}
      propertyPath: m_AnchorMin.y
      value: 0
      objectReference: {fileID: 0}
    - target: {fileID: 5601396633653285383, guid: 9c27ce4fc25d0e84b8c3ad6f7d26784a,
        type: 3}
      propertyPath: m_AnchorMax.x
      value: 0
      objectReference: {fileID: 0}
    - target: {fileID: 5601396633653285383, guid: 9c27ce4fc25d0e84b8c3ad6f7d26784a,
        type: 3}
      propertyPath: m_AnchorMax.y
      value: 0
      objectReference: {fileID: 0}
    - target: {fileID: 5601396633653285383, guid: 9c27ce4fc25d0e84b8c3ad6f7d26784a,
        type: 3}
      propertyPath: m_Pivot.x
      value: 0
      objectReference: {fileID: 0}
    - target: {fileID: 5601396633653285383, guid: 9c27ce4fc25d0e84b8c3ad6f7d26784a,
        type: 3}
      propertyPath: m_Pivot.y
      value: 0
      objectReference: {fileID: 0}
    - target: {fileID: 5601396635207958390, guid: 9c27ce4fc25d0e84b8c3ad6f7d26784a,
        type: 3}
      propertyPath: gameManager
      value: 
      objectReference: {fileID: 1957752184}
    - target: {fileID: 5601396633724899558, guid: 9c27ce4fc25d0e84b8c3ad6f7d26784a,
        type: 3}
      propertyPath: spawn
      value: 
      objectReference: {fileID: 765285973}
    - target: {fileID: 5601396634178017585, guid: 9c27ce4fc25d0e84b8c3ad6f7d26784a,
        type: 3}
      propertyPath: spawner
      value: 
      objectReference: {fileID: 765285973}
    - target: {fileID: 5419456935249593709, guid: 9c27ce4fc25d0e84b8c3ad6f7d26784a,
        type: 3}
      propertyPath: level
      value: 
      objectReference: {fileID: 81973879}
    m_RemovedComponents: []
  m_SourcePrefab: {fileID: 100100000, guid: 9c27ce4fc25d0e84b8c3ad6f7d26784a, type: 3}
